@BOOK{
	ROR,
	AUTHOR       = {Wim Hoogland},
	TITLE        = {{Rapport over Rapporteren}},
	PUBLISHER    = {Wolters-Noordhoff},
	YEAR         = {1998}
}

@MISC{
	ABISS,
	AUTHOR	     = {Werner Almesberger and Benno van den Brink},
	TITLE	     = {Active Block I/O Scheduling System},
	HOWPUBLISHED = {Website},
	NOTE         = {\url{http://abiss.sourceforge.net/doc/abiss-lk.ps}},
	YEAR         = {2004}
}

@BOOK{
	TDaIotFOS,
	AUTHOR       = {Marshall Kirk McKusick and George V. Neville-Neil},
	TITLE        = {The Design and Implementation of the FreeBSD Operating System},
	PUBLISHER    = {Addison-Wesley},
	YEAR         = {2005}
}
