@article{itairodeh97symbreak,
	author  = "A. Itai and M. Rodeh",
	title   = "Symmetry breaking in distributed networks",
	journal = "Information and Computation",
	volume  = "88",
	pages   = "60-87",
	year    = "1990"
}

@article{lelann77distsys,
	author  = "G. Le Lann",
	title   = "Distributed systems - towards a formal approach",
	journal = "Information Processing",
	volume  = "77",
	pages   = "155--160",
	year    = "1977"
}

@book{lynch96distalgo,
	author    = "N. A. Lynch",
	title     = "Distributed Algorithms",
	publisher = "Morgan Kaufmann",
	year      = "1996"
}

@article{chang79decentextrma,
	author    = "E. Chang and R. Roberts",
	title     = "An improved algorithm for decentralized extrema-finding in circular configurations of processes",
	journal   = "Communications of the ACM",
	volume    = "22",
	issue     = "5",
	pages     = "281--283",
	year      = "1979"
}

@InProceedings{groote07mcrl2,
  author =      {J. F. Groote and A. Mathijssen and M. Reniers and Y. Usenko and M. van Weerdenburg},
  title =       {The Formal Specification Language {mCRL2}},
  booktitle =   {Methods for Modelling Software Systems (MMOSS)},
  year =        {2007},
  editor =      {E. Brinksma and D. Harel and A. Mader and P. Stevens and R. Wieringa},
  number =      {06351},
  series =      {Dagstuhl Seminar Proceedings},
  ISSN =        {1862-4405},
  publisher =   {Internationales Begegnungs- und Forschungszentrum fuer Informatik (IBFI), Schloss Dagstuhl, Germany},
  OPTaddress =  {Dagstuhl, Germany},
  OPTURL =      {http://drops.dagstuhl.de/opus/volltexte/2007/862
                 [date of citation: 2007-01-01]},
  note =        {$<$http://drops.dagstuhl.de/opus/volltexte/2007/862$>$
                 [date of citation: 2007-01-01]},
  OPTannote =   {Keywords: Specification language, abstract data types, process algebra, operational semantics},
}

@unpublished{hendriksen08sp,
	author    = {W. Hendriksen},
	title     = {SmartPixel 2008},
	year      = {2008},
	note      = {Unpublished}
}

@inproceedings{bergstra84acp,
	author    = {J. A. Bergstra and J. W. Klop},
	title     = {Process algebra for communication and mutual exclusion},
	booktitle   = {Report CS-R8409},
	year      = {1984},
	publisher = {Centrum voor Wiskunde \& Informatica, Amsterdam}
}

@book{groote07radv,
	author    = {J. F. Groote and M. A. Reniers},
	title     = {Designing and understanding the behaviour of systems: Lecture notes for RADV 2IW25 (2007/2008)},
	publisher = {Department of Computer Science, Eindhoven University of Technology, Eindhoven},
	year      = {2007}
}

@article{reniers02completenesstimed,
	author   = {M. A. Reniers and J. F. Groote and M. B. van der Zwaag and J. van Wamel},
	title    = {Completeness of Timed $\mu${CRL}},
	journal  = {Fundamenta Informaticae},
	volume   = {50},
	pages    = {1-42},
	year     = {2002}
}

@phdthesis{usenko02linearalizationmcrl,
	author  = {Y. S. Usenko},
	title   = {Lineralization in $\mu${CRL}},
	school  = {Technische Universiteit Eindhoven},
	year    = {2002}
}

@book{huth04logic,
	author  = {M. Huth and M. Ryan},
	title   = {Logic in computer science: modelling and reasoning about systems},
 	publisher = {Cambridge University Press},
	edition = {2nd},
	year    = {2004}
}

@inproceedings{bengtsson95uppaal,
	title     = {{{\sc Uppaal} --- a Tool Suite for Automatic Verification of Real--Time Systems}},
	author    = {J. Bengtsson and K. G.\ Larsen and F. Larsson and P. Pettersson and W. Yi},
	booktitle = {Proc.\ of Workshop on Verification and Control of Hybrid Systems III}, 
	series    = {Lecture Notes in Computer Science},
	number    = 1066,
	pages     = {232--243},
	publisher = {Springer--Verlag},
	month     = Oct, 
	year      = 1995
}
