@BOOK{
	TDotUOS,
	AUTHOR       = {Maurice J. Bach},
	TITLE        = {{The Design of the UNIX Operating System}},
	PUBLISHER    = {Prentice Hall},
	YEAR         = {1988}
}

@BOOK{
	UtLK,
	AUTHOR	     = {Daniel P. Bovet and Marco Cesati},
	TITLE        = {Understanding the Linux Kernel},
	PUBLISHER    = {O'Reilly \& Associates},
	YEAR         = {2001}
}

@BOOK{
	LKD,
	AUTHOR       = {Robert Love},
	TITLE        = {Linux Kernel Development},
	PUBLISHER    = {Novell Press},
	YEAR         = {2005}
}

@BOOK{
	LDD,
	AUTHOR       = {Jonathan Corbet, Alessandro Rubini \& Greg Kroah-Hartman},
	TITLE        = {Linux Device Drivers},
	PUBLISHER    = {O'Reilly \& Associates},
	YEAR         = {2001}
	
}

@BOOK{
	LIOP,
	AUTHOR       = {Job Wildschut},
	TITLE	     = {Graduation Report: Linux IO Performance},
	PUBLISHER    = {Philips Research},
	YEAR         = {2004}
}

@MISC{
	ABISS,
	AUTHOR	     = {Werner Almesberger and Benno van den Brink},
	TITLE	     = {Active Block I/O Scheduling System},
	HOWPUBLISHED = {Website},
	NOTE         = {\url{http://abiss.sourceforge.net/doc/abiss-lk.ps}},
	YEAR         = {2004}
}

@BOOK{
	TDaIotFOS,
	AUTHOR       = {Marshall Kirk McKusick and George V. Neville-Neil},
	TITLE        = {The Design and Implementation of the FreeBSD Operating System},
	PUBLISHER    = {Addison-Wesley},
	YEAR         = {2005}
}
