@techreport{ springer05techreport,
	author = "Rink Springer",
	title = "Technical Report: LIMEFS Realtime File System",
	pages = "49",
	year = "2005",
	note = "http://rink.nu/downloads/publications/philips-graduation-report.pdf"
}

@book{ love05kerneldev,
	author = "Robert Love",
	title = "Linux Kernel Development",
	publisher = "Novell Press",
	year = "2005"
}

@unpublished{ russell03guidelock,
	author = "Rusty Russell",
	title = "Unreliable guide to locking",
	year = "2003",
	note = "Kernel source file Documentation/DocBook/kernel-locking.tmpl"
}
